<?xml version="1.0" encoding="UTF-8"?><record xmlns="http://www.loc.gov/MARC21/slim" xmlns:cinclude="http://apache.org/cocoon/include/1.0" xmlns:zs="http://www.loc.gov/zing/srw/">
  <leader>00519nz  a2200157n  4500</leader>
  <controlfield tag="001">nb2009014394</controlfield>
  <controlfield tag="003">DLC</controlfield>
  <controlfield tag="005">20090617075255.0</controlfield>
  <controlfield tag="008">090609n| acannaabn          |a aaa      </controlfield>
  <datafield tag="010" ind1=" " ind2=" ">
    <subfield code="a">nb2009014394</subfield>
  </datafield>
  <datafield tag="035" ind1=" " ind2=" ">
    <subfield code="a">(Uk)007473310</subfield>
  </datafield>
  <datafield tag="040" ind1=" " ind2=" ">
    <subfield code="a">Uk</subfield>
    <subfield code="b">eng</subfield>
    <subfield code="c">Uk</subfield>
  </datafield>
  <datafield tag="100" ind1="1" ind2=" ">
    <subfield code="a">Muhammatu Cakītu, Kīran̲ūr</subfield>
  </datafield>
  <datafield tag="400" ind1="1" ind2=" ">
    <subfield code="a">Cakītu, Kīran̲ūr Muhammatu</subfield>
  </datafield>
  <datafield tag="400" ind1="0" ind2=" ">
    <subfield code="a">Kīran̲ūr Muhammatu Cakītu</subfield>
  </datafield>
  <datafield tag="670" ind1=" " ind2=" ">
    <subfield code="a">Mārkka paktāmirutam en̲n̲um kalviyin̲ nirṇayap piramāṇam, 1930:</subfield>
    <subfield code="b">t.p. (Kīran̲ūr Muhammatu Cakītu)</subfield>
  </datafield>
</record>